% See http://en.wikibooks.org/wiki/LaTeX/Bibliography_Management#Standard_templates for templates

@article{dummy2015,
  title={How to build latex documents},
  author={Mr Dummy and Mrs Dummies},
  journal={GitHub monthly Best of the Meh-good-enough},
  volume={1},
  pages={1--2},
  year={2015}
}

@misc{LatexModulesLink,
    author    = "Mr Dummy",
    title     = "Latex Modules",
    howpublished = "\url{https://github.com/Limro/LatexModules}",
    year     = "2015",
    month    = "9",
    %note     = "",
}